@incollection{Pottmann2007,
	author = {Pottmann, Helmut and Liu, Yang},
	title = {Discrete surfaces in isotropic geometry},
	booktitle = {Mathematics of Surfaces XII},
	year = {2007},
	isbn = {978-3-540-73842-8},
	location = {Sheffield, UK},
	pages = {341--363},
	numpages = {23},
	url = {http://dl.acm.org/citation.cfm?id=1770873.1770894},
	editor = "M. Sabin and J. Winkler",
	series = "LNCS",
	volume = 4647,
	acmid = {1770894},
	publisher = {Springer-Verlag},
	xxaddress = {Berlin, Heidelberg},
	keywords = {conical mesh, discrete differential geometry, edge offset mesh, isotropic geometry, isotropic minimal surface, surfaces in architecture},
} 

@article{Pottmann2007b,
	author = "Helmut Pottmann and Yang Liu and Johannes Wallner
		and Alexander Bobenko and Wenping Wang",
	title = "Geometry of Multi-layer Freeform Structures for Architecture",
	journal = {ACM Trans. Graphics},
	year = 2007,
	volume = 26,
	number = "3",
	pages = "\#65,1-11",
	xxnote = "Proc. SIGGRAPH",
	acmnumber="1276458",
	url = "http://www.geometrie.tugraz.at/wallner/parallel.pdf",
	doi={http://doi.acm.org/10.1145/1275808.1276458},
keywords = {Koebe polyhedron, curvatures, discrete differential geometry, edge offset, hexagonal mesh, multi-layer construction, offset mesh, parallel mesh, support structure, surfaces in architecture},
} 

@inproceedings{Cohen-Steiner2003,
	author = {Cohen-Steiner, David and Morvan, Jean-Marie},
	title = {Restricted {D}elaunay triangulations and normal cycle},
	booktitle = {Proc.\ 19th Symp. Computational geometry},
	year = {2003},
	isbn = {1-58113-663-3},
	location = {San Diego, California, USA},
	pages = {312--321},
	numpages = {10},
	url = {http://doi.acm.org/10.1145/777792.777839},
	organization = {ACM},
	keywords = {curvature, geometric measure theory, mesh},
} 

@incollection {Schiftner2010,
	author = {Schiftner, Alexander and Balzer, Jonathan},
	affiliation = {Evolute GmbH, Schwindgasse 4/10, 1040 Wien, Austria},
	title = {Statics-Sensitive Layout of Planar Quadrilateral Meshes},
	booktitle = {Advances in Architectural Geometry 2010},
	fulleditor = {Ceccato, Cristiano and Hesselgren, Lars and Pauly, Mark and Pottmann, Helmut and Wallner, Johannes},
	editor = {Ceccato, Cristiano and others},
	publisher = {Springer},
	address = {Vienna},
	isbn = {978-3-7091-0309-8},
	keywords = {Architecture},
	pages = {221-236},
	url = "http://dx.doi.org/10.1007/978-3-7091-0309-8%5F16",
	year = {2010}
}

@article{Glymph2004,
	author = "James Glymph and Dennis Shelden and Cristiano Ceccato and Judith Mussel and Hans Schober",
	title = "A parametric strategy for free-form glass structures using quadrilateral planar facets",
	journal = "Automation in Construction",
	volume = "13",
	number = "2",
	pages = "187 - 202",
	year = "2004",
	xxnote = "Conference of the Association for Computer Aided Design in Architecture",
	issn = "0926-5805",
	doi = "10.1016/j.autcon.2003.09.008",
	url = "http://www.sciencedirect.com/science/article/pii/S0926580503001055",
	keywords = "Parametric, Free-form, Quadrilateral",
}

@article {Mirko2010,
	title = "Designing Quad-dominant Meshes with Planar Faces",
	author = "Mirko Zadravec and Alexander Schiftner
		and Johannes Wallner",
	journal = "Computer Graphics Forum",
	volume = 29,
	number = 5,
	year = 2010,
	pages = "1671-1679",
	note = "{P}roc. SGP",
	url = "http://www.geometrie.tugraz.at/wallner/vfdesign.pdf",
	doi = "http://dx.doi.org/10.1111/j.1467-8659.2010.01776.x",
	publisher = {Blackwell Publishing Ltd},
	issn = {1467-8659},
}

@mastersthesis{Schiftner2007,
	author = "Schiftner, Alexander",
	title = "Planar quad meshes from relative principal curvature lines",
	school = "TU Wien",
	year = 2007,
}

@incollection{Lipman2004,
	author={Lipman, Y. and Sorkine, O. and Cohen-Or, D. and Levin, D. and Rossi, C. and Seidel, H.P.},
	booktitle={Shape Modeling Applications, 2004. Proceedings},
	title={Differential coordinates for interactive mesh editing},
	year={2004},
	publisher = "IEEE",
	isbn="0769520758",
	pages={181-190},
	doi={10.1109/SMI.2004.1314505},
keywords={ approximated local frame; coefficient matrix factorization; global coordinate system they; interactive mesh editing; linear differential coordinates; linear least squares system; linear transformation; mesh vertices; natural orientation; authoring systems; computational geometry; least squares approximations; matrix algebra; mesh generation; solid modelling;},
}

@incollection{Sorkine2003,
	author = {Sorkine, Olga and Cohen-Or, Daniel and Toledo, Sivan},
	title = {High-pass quantization for mesh encoding},
	booktitle = {Symposium Geometry processing},
	year = {2003},
	isbn = {1-58113-687-0},
	location = {Aachen, Germany},
	pages = {42--51},
	numpages = {10},
	url = {http://dl.acm.org/citation.cfm?id=882370.882376},
	acmid = {882376},
	publisher = {Eurographics Association},
	xxaddress = {Aire-la-Ville, Switzerland, Switzerland},
}

@article{Liu2006,
	author = {Liu, Yang and Pottmann, Helmut and Wallner, Johannes and Yang, Yong-Liang and Wang, Wenping},
	title = {Geometric modeling with conical meshes and developable surfaces},
	journal = {ACM Trans. Graph.},
	volume = {25},
	number = {3},
	year = {2006},
	issn = {0730-0301},
	pages = {681--689},
	numpages = {9},
	doi = {http://doi.acm.org/10.1145/1141911.1141941},
	acmid = {1141941},
	publisher = {ACM},
	xxnote = "{P}roc.\ SIGGRAPH",
	xxaddress = {New York, NY, USA},
	keywords = {developable subdivision surface, developable surface, discrete differential geometry, nonlinear subdivision, offset mesh, principal mesh, quad mesh, surfaces in architecture},
} 

@article{Maxwell64,
	author = "Maxwell, J.C.",
	title = "On reciprocal diagrams and diagrams of forces",
	journal = "Philosophical Magazine",
	volume = 4,
	number = 27,
	pages = "250--261",
	year = "1864",
}

@incollection {Koenderink2002,
	author = {Koenderink, Jan and van Doorn, Andrea},
	affiliation = {Universiteit Utrecht Buys Ballot Laboratory Princetonplein 5 Utrecht NL-3584CC The Netherlands},
	title = {Image Processing Done Right},
	booktitle = {Computer Vision -- ECCV 2002},
	series = {LNCS},
	fullseries = {Lecture Notes in Computer Science},
	fulleditor = {Heyden, Anders and Sparr, Gunnar and Nielsen, Mads and Johansen, Peter},
	editor = {Heyden, Anders and others},
	publisher = {Springer},
	xxaddress = {Berlin Heidelberg},
	isbn = {978-3-540-43745-1},
	keywords = {Computer Science},
	pages = {158-172},
	number = {2350},
	doi = {http://dx.doi.org/10.1007/3-540-47969-4%5F11},
	year = {2002}
}

@article{Block06,
	author = "Philippe Block and Thierry Ciblac and John Ochsendorf",
	title = "Real-time limit analysis of vaulted masonry buildings",
	journal = "Computers and Structures",
	year = "2006",
	Volume = 84,
	Pages  = "1841-1852",
	doi = "10.1016/j.compstruc.2006.08.002",
}

@article{Whiting09,
	author = {Whiting, Emily and Ochsendorf, John and Durand, Fr\'{e}do},
	title = {Procedural modeling of structurally-sound masonry buildings},
	journal = {ACM Trans. Graph.},
	volume = {28},
	number = {5},
	year = {2009},
	pages = {\#112,1--9},
	doi = {http://doi.acm.org/10.1145/1618452.1618458},
	keywords = {architecture, optimization, physics, procedural modeling, statics, structural stability},
} 

	
}

@article{O'Dwyer98,
	author = "Dermot O'Dwyer",
	title = "Funicular analysis of masonry vaults",
	journal= "Computers and Structures",
	year = "1998",
	Volume=73,
	Pages="187-197",
	doi="10.1016/S0045-7949(98)00279-X",
}

@article{Block07,
	author= "Phillipe Block and John Ochsendorf",
	title = "Thrust Network Analysis: A New Methodology For Three-Dimensional Equilibrium",
	journal= "J. Int. Assoc. Shell and Spatial Structures",
	year = 2007,
	volume = 48,
	number = 3,
	pages = "167-173",
}

@book{Heyman95,
	author= "Jacques Heyman",
	title = "The Stone Skeleton:
		Structural Engineering of Masonry Architecture",
	publisher = "Cambridge University Press",
	year = "1995"
}
@article{Heyman66,
	author= "Jacques Heyman",
	title = "The Stone Skeleton",
	journal = "Int. J. Solids Structures",
	volume = 2,
	year = 1966,
	pages = "249-279",
}

@article{Livesley92,
	author = "R. K. Livesley",
	title = "A Computational Model for the Limit Analysis of Three-dimensional Masonry Structures",
	journal = "Meccanica",
	year	= "1992",
	volume = 27,
	pages = "161-172",
}

@article{Kilian2005,
	author = "Kilian, Axel and Ochsendorf, John",
	title = "Particle-spring systems for structural form finding",
	journal = "J. Int. Assoc. Shell and Spatial Structures",
	year	= 2005,
	Volume= 46,
	Pages="77-84",
}

@article{Fraternali2010,
	author = "Fraternali, Fernando",
	title = "A thrust network approach to the equilibrium problem of unreinforced masonry vaults via polyhedral stress functions",
	journal = "Mechanics Res. Comm.",
	volume = "37",
	number = "2",
	pages = "198 - 204",
	year = "2010",
	issn = "0093-6413",
	doi = "10.1016/j.mechrescom.2009.12.010",
	url = "http://www.sciencedirect.com/science/article/pii/S0093641309001785",
keywords = "Thrust network approach, Masonry vaults, No-tension model, Stress function, Crack pattern, Mesh adaption",
}
@article{Fraternali2002a,
	author = "F. Fraternali and M. Angelillo and A. Fortunato",
	year = 2002,
	title = "A lumped stress method for plane elastic problems 
		and the discrete-continuum approximation",
	journal = "Int. J. Solids Struct.",
	volume = 39,
	pages = "6211-6240",
}

@article {Giaquinta1985,
	author = {Giaquinta, Mariano and Giusti, Enrico},
	title = {Researches on the equilibrium of masonry structures},
	journal = {Archive for Rational Mechanics and Analysis},
	year = 1985,
	pages = {359-392},
	volume = 88,
	number = 4,
	doi = {http://dx.doi.org/10.1007/BF00250872},
	issn = {0003-9527},
}

@incollection{Ash1988,
	author = {Ash, Peter and Bolker, Ethan and Crapo, Henry and Whiteley,
	Walter},
	title = {Convex polyhedra, {D}irichlet tessellations, and spider webs},
	booktitle = {Shaping space (Northampton, Mass., 1984)},
	year = {1988},
	publisher = {Birkh\"auser},
	address = {Boston},
	pages = {231--250},
}

@misc{block-sgp2011,
	author = "Philippe Block",
	title = "Geometry of Compression Structures",
	howpublished = "plenary lecture at the SGP conference",
	year = 2011,
}

@article{bobenko-2010-ct,
	author = "Alexander Bobenko and Helmut Pottmann and Johannes Wallner",
	title = "A curvature theory for discrete surfaces based
		on mesh parallelity",
	journal = "Math. Annalen",
	year = 2010,
	volume = 348,
	pages = "1-24",
	url = "http://www.geometrie.tugraz.at/wallner/pkmesh.pdf",
	arxiv="0901.4620",
	doi="http://dx.doi.org/10.1007/s00208-009-0467-9",
	mrnumber="MR2657431",
}
@incollection{wardetzky07,
        author = "Max Wardetzky and Saurabh Mathur and Felix K{\"a}lberer
                and Eitan Grinspun",
        title = "Discrete {L}aplace operators: No free lunch",
        booktitle = "Symposium on Geometry Processing",
	editor = "A. Belyaev and M. Garland",
        year = 2007,
        pages = "33-37",
}

